@String(PAMI  = {IEEE TPAMI})
@String(IJCV  = {IJCV})
@String(CVPR  = {CVPR})
@String(ICCV  = {ICCV})
@String(ECCV  = {ECCV})
@String(NIPS  = {NeurIPS})
@String(ICPR  = {ICPR})
@String(BMVC  = {BMVC})
@String(TOG   = {ACM TOG})
@String(TIP   = {IEEE TIP})
@String(TVCG  = {IEEE TVCG})
@String(TCSVT = {IEEE TCSVT})
@String(TMM   = {IEEE TMM})
@String(ACMMM = {ACM MM})
@String(ICME  = {ICME})
@String(ICASSP= {ICASSP})
@String(ICIP  = {ICIP})
@String(ACCV  = {ACCV})
@String(ICLR  = {ICLR})
@String(IJCAI = {IJCAI})
@String(PR = {PR})
@String(AAAI = {AAAI})
@String(CVPRW= {CVPRW})
@String(CSVT = {IEEE TCSVT})
@String(ECCVW= {ECCVW})

@String(SPL = {IEEE Signal Processing Letters})
@String(VR   = {Vision Research})
@String(JOV  = {Journal of Vision})
@String(TVC  = {The Visual Computer})
@String(JCST  = {Journal of Computer Science and Technology})
@String(CGF  = {Computer Graphics Forum})
@String(CVM = {Computational Visual Media})

%GAN
@inproceedings{goodfellow2014generative,
  title={Generative adversarial nets},
  author={Goodfellow, Ian and Pouget-Abadie, Jean and Mirza, Mehdi and Xu, Bing and Warde-Farley, David and Ozair, Sherjil and Courville, Aaron and Bengio, Yoshua},
  booktitle={NIPS},
  pages={2672--2680},
  year={2014}
}

%CGAN
@article{mirza2014conditional,
  title={Conditional generative adversarial nets},
  author={Mirza, Mehdi and Osindero, Simon},
  journal={arXiv preprint arXiv:1411.1784},
  year={2014}
}

% DCGAN
@article{radford2015unsupervised,
  title={Unsupervised representation learning with deep convolutional generative adversarial networks},
  author={Radford, Alec and Metz, Luke and Chintala, Soumith},
  journal={arXiv preprint arXiv:1511.06434},
  year={2015}
}

%WGAN
@article{arjovsky2017wasserstein,
  title={Wasserstein gan},
  author={Arjovsky, Martin and Chintala, Soumith and Bottou, L{\'e}on},
  journal={arXiv preprint arXiv:1701.07875},
  year={2017}
}

%WGAN-GP
@article{gulrajani2017improved,
  title={Improved training of wasserstein gans},
  author={Gulrajani, Ishaan and Ahmed, Faruk and Arjovsky, Martin and Dumoulin, Vincent and Courville, Aaron C},
  journal={NIPS},
  pages={5767--5777},
  year={2017}
}

% LeNet-5
@article{lecun1998gradient,
  title={Gradient-based learning applied to document recognition},
  author={LeCun, Yann and Bottou, L{\'e}on and Bengio, Yoshua and Haffner, Patrick},
  journal={Proceedings of the IEEE},
  volume={86},
  number={11},
  pages={2278--2324},
  year={1998},
  publisher={Ieee}
}

% AlexNet
@article{krizhevsky2012imagenet,
  title={Imagenet classification with deep convolutional neural networks},
  author={Krizhevsky, Alex and Sutskever, Ilya and Hinton, Geoffrey E},
  journal={NIPS},
  pages={1097--1105},
  year={2012}
}

% BN
@inproceedings{ioffe2015batch,
  title={Batch normalization: Accelerating deep network training by reducing internal covariate shift},
  author={Ioffe, Sergey and Szegedy, Christian},
  booktitle={ICML},
  pages={448--456},
  year={2015},
  organization={PMLR}
}

% ReLU
@inproceedings{nair2010rectified,
  title={Rectified linear units improve restricted boltzmann machines},
  author={Nair, Vinod and Hinton, Geoffrey E},
  booktitle={ICML},
  year={2010}
}

% LeakyReLU
@article{xu2015empirical,
  title={Empirical evaluation of rectified activations in convolutional network},
  author={Xu, Bing and Wang, Naiyan and Chen, Tianqi and Li, Mu},
  journal={arXiv preprint arXiv:1505.00853},
  year={2015}
}

% LSGAN
@inproceedings{mao2017least,
  title={Least squares generative adversarial networks},
  author={Mao, Xudong and Li, Qing and Xie, Haoran and Lau, Raymond YK and Wang, Zhen and Paul Smolley, Stephen},
  booktitle={Proceedings of the IEEE international conference on computer vision},
  pages={2794--2802},
  year={2017}
}

% VAE-GAN
@inproceedings{larsen2016autoencoding,
  title={Autoencoding beyond pixels using a learned similarity metric},
  author={Larsen, Anders Boesen Lindbo and S{\o}nderby, S{\o}ren Kaae and Larochelle, Hugo and Winther, Ole},
  booktitle={International conference on machine learning},
  pages={1558--1566},
  year={2016},
  organization={PMLR}
}

% GAN Compression: Efficient Architectures for Interactive Conditional GANs
@inproceedings{li2020gan,
  title={{GAN} compression: Efficient architectures for interactive conditional gans},
  author={Li, Muyang and Lin, Ji and Ding, Yaoyao and Liu, Zhijian and Zhu, Jun-Yan and Han, Song},
  booktitle={Proceedings of the IEEE/CVF Conference on Computer Vision and Pattern Recognition},
  pages={5284--5294},
  year={2020}
}

% Image Processing Using Multi-Code GAN Prior
@inproceedings{gu2020image,
  title={Image processing using multi-code gan prior},
  author={Gu, Jinjin and Shen, Yujun and Zhou, Bolei},
  booktitle={Proceedings of the IEEE/CVF Conference on Computer Vision and Pattern Recognition},
  pages={3012--3021},
  year={2020}
}

% Rewriting a Deep Generative Model
@inproceedings{bau2020rewriting,
  title={Rewriting a deep generative model},
  author={Bau, David and Liu, Steven and Wang, Tongzhou and Zhu, Jun-Yan and Torralba, Antonio},
  booktitle={European Conference on Computer Vision},
  pages={351--369},
  year={2020},
  organization={Springer}
}

% Photo-Realistic Single Image Super-Resolution Using a Generative Adversarial Network
@inproceedings{ledig2017photo,
  title={Photo-realistic single image super-resolution using a generative adversarial network},
  author={Ledig, Christian and Theis, Lucas and Husz{\'a}r, Ferenc and Caballero, Jose and Cunningham, Andrew and Acosta, Alejandro and Aitken, Andrew and Tejani, Alykhan and Totz, Johannes and Wang, Zehan and others},
  booktitle={Proceedings of the IEEE conference on computer vision and pattern recognition},
  pages={4681--4690},
  year={2017}
}

% Context Encoders: Feature Learning by Inpainting
@inproceedings{pathak2016context,
  title={Context encoders: Feature learning by inpainting},
  author={Pathak, Deepak and Krahenbuhl, Philipp and Donahue, Jeff and Darrell, Trevor and Efros, Alexei A},
  booktitle={Proceedings of the IEEE conference on computer vision and pattern recognition},
  pages={2536--2544},
  year={2016}
}

% Generating Videos with Scene Dynamics
@article{vondrick2016generating,
  title={Generating videos with scene dynamics},
  author={Vondrick, Carl and Pirsiavash, Hamed and Torralba, Antonio},
  journal={arXiv preprint arXiv:1609.02612},
  year={2016}
}

% Learning a Probabilistic Latent Space of Object Shapes via 3D Generative-Adversarial Modeling
@article{wu2016learning,
  title={Learning a probabilistic latent space of object shapes via 3{D} generative-adversarial modeling},
  author={Wu, Jiajun and Zhang, Chengkai and Xue, Tianfan and Freeman, William T and Tenenbaum, Joshua B},
  journal={arXiv preprint arXiv:1610.07584},
  year={2016}
}

%pix2pix
@inproceedings{isola2017image,
  title={Image-to-image translation with conditional adversarial networks},
  author={Isola, Phillip and Zhu, Jun-Yan and Zhou, Tinghui and Efros, Alexei A},
  booktitle={Proceedings of the IEEE conference on computer vision and pattern recognition},
  pages={1125--1134},
  year={2017}
}

% DRPAN
@article{wang2019discriminative,
  title={Discriminative Region Proposal Adversarial Network for High-Quality Image-to-Image Translation},
  author={Wang, Chao and Niu, Wenjie and Jiang, Yufeng and Zheng, Haiyong and Yu, Zhibin and Gu, Zhaorui and Zheng, Bing},
  journal={International Journal of Computer Vision},
  pages={1--20},
  year={2019},
  publisher={Springer}
}

% SEAN
@inproceedings{zhu2020sean,
  title={{SEAN}: Image synthesis with semantic region-adaptive normalization},
  author={Zhu, Peihao and Abdal, Rameen and Qin, Yipeng and Wonka, Peter},
  booktitle={Proceedings of the IEEE/CVF Conference on Computer Vision and Pattern Recognition},
  pages={5104--5113},
  year={2020}
}

% SPADE
@inproceedings{park2019semantic,
  title={Semantic image synthesis with spatially-adaptive normalization},
  author={Park, Taesung and Liu, Ming-Yu and Wang, Ting-Chun and Zhu, Jun-Yan},
  booktitle={Proceedings of the IEEE/CVF Conference on Computer Vision and Pattern Recognition},
  pages={2337--2346},
  year={2019}
}

% CycleGAN
@inproceedings{zhu2017unpaired,
  title={Unpaired image-to-image translation using cycle-consistent adversarial networks},
  author={Zhu, Jun-Yan and Park, Taesung and Isola, Phillip and Efros, Alexei A},
  booktitle={Proceedings of the IEEE international conference on computer vision},
  pages={2223--2232},
  year={2017}
}

% DualGAN
@inproceedings{yi2017dualgan,
  title={Dualgan: Unsupervised dual learning for image-to-image translation},
  author={Yi, Zili and Zhang, Hao and Tan, Ping and Gong, Minglun},
  booktitle={Proceedings of the IEEE international conference on computer vision},
  pages={2849--2857},
  year={2017}
}

% DiscoGAN
@inproceedings{kim2017learning,
  title={Learning to discover cross-domain relations with generative adversarial networks},
  author={Kim, Taeksoo and Cha, Moonsu and Kim, Hyunsoo and Lee, Jung Kwon and Kim, Jiwon},
  booktitle={International Conference on Machine Learning},
  pages={1857--1865},
  year={2017},
  organization={PMLR}
}

% VAE
@article{kingma2013auto,
  title={Auto-encoding variational bayes},
  author={Kingma, Diederik P and Welling, Max},
  journal={arXiv preprint arXiv:1312.6114},
  year={2013}
}

% Unet
@inproceedings{ronneberger2015u,
  title={U-net: Convolutional networks for biomedical image segmentation},
  author={Ronneberger, Olaf and Fischer, Philipp and Brox, Thomas},
  booktitle={International Conference on Medical image computing and computer-assisted intervention},
  pages={234--241},
  year={2015},
  organization={Springer}
}

% UNIT
@article{liu2017unsupervised,
  title={Unsupervised image-to-image translation networks},
  author={Liu, Ming-Yu and Breuel, Thomas and Kautz, Jan},
  journal={Advances in neural information processing systems},
  volume={30},
  pages={700--708},
  year={2017}
}

% BicycleGAN
@article{zhu2017toward,
  title={Toward multimodal image-to-image translation},
  author={Zhu, Jun-Yan and Zhang, Richard and Pathak, Deepak and Darrell, Trevor and Efros, Alexei A and Wang, Oliver and Shechtman, Eli},
  journal={arXiv preprint arXiv:1711.11586},
  year={2017}
}

% MUNIT
@inproceedings{huang2018multimodal,
  title={Multimodal unsupervised image-to-image translation},
  author={Huang, Xun and Liu, Ming-Yu and Belongie, Serge and Kautz, Jan},
  booktitle={Proceedings of the European Conference on Computer Vision (ECCV)},
  pages={172--189},
  year={2018}
}

% DRIT
@inproceedings{lee2018diverse,
  title={Diverse image-to-image translation via disentangled representations},
  author={Lee, Hsin-Ying and Tseng, Hung-Yu and Huang, Jia-Bin and Singh, Maneesh and Yang, Ming-Hsuan},
  booktitle={Proceedings of the European conference on computer vision (ECCV)},
  pages={35--51},
  year={2018}
}

% MSGAN
@inproceedings{mao2019mode,
  title={Mode seeking generative adversarial networks for diverse image synthesis},
  author={Mao, Qi and Lee, Hsin-Ying and Tseng, Hung-Yu and Ma, Siwei and Yang, Ming-Hsuan},
  booktitle={Proceedings of the IEEE/CVF Conference on Computer Vision and Pattern Recognition},
  pages={1429--1437},
  year={2019}
}

% DSMAP
@inproceedings{chang2020domain,
  title={Domain-Specific Mappings for Generative Adversarial Style Transfer},
  author={Chang, Hsin-Yu and Wang, Zhixiang and Chuang, Yung-Yu},
  booktitle={European Conference on Computer Vision},
  pages={573--589},
  year={2020},
  organization={Springer}
}

% DenseGAN
@article{guo2019underwater,
  title={Underwater image enhancement using a multiscale dense generative adversarial network},
  author={Guo, Yecai and Li, Hanyu and Zhuang, Peixian},
  journal={IEEE Journal of Oceanic Engineering},
  volume={45},
  number={3},
  pages={862--870},
  year={2019},
  publisher={IEEE}
}

% MLFcGAN
@article{liu2019mlfcgan,
  title={MLFcGAN: Multilevel feature fusion-based conditional GAN for underwater image color correction},
  author={Liu, Xiaodong and Gao, Zhi and Chen, Ben M},
  journal={IEEE Geoscience and Remote Sensing Letters},
  volume={17},
  number={9},
  pages={1488--1492},
  year={2019},
  publisher={IEEE}
}

% MCycleGAN
@article{lu2019multi,
  title={Multi-scale adversarial network for underwater image restoration},
  author={Lu, Jingyu and Li, Na and Zhang, Shaoyong and Yu, Zhibin and Zheng, Haiyong and Zheng, Bing},
  journal={Optics \& Laser Technology},
  volume={110},
  pages={105--113},
  year={2019},
  publisher={Elsevier}
}

% InstaGAN
@article{mo2018instagan,
  title={Instagan: Instance-aware image-to-image translation},
  author={Mo, Sangwoo and Cho, Minsu and Shin, Jinwoo},
  journal={arXiv preprint arXiv:1812.10889},
  year={2018}
}

% TransGaGa
@inproceedings{wu2019transgaga,
  title={Transgaga: Geometry-aware unsupervised image-to-image translation},
  author={Wu, Wayne and Cao, Kaidi and Li, Cheng and Qian, Chen and Loy, Chen Change},
  booktitle={Proceedings of the IEEE/CVF Conference on Computer Vision and Pattern Recognition},
  pages={8012--8021},
  year={2019}
}

% U-GAT-IT
@article{kim2019u,
  title={U-GAT-IT: unsupervised generative attentional networks with adaptive layer-instance normalization for image-to-image translation},
  author={Kim, Junho and Kim, Minjae and Kang, Hyeonwoo and Lee, Kwanghee},
  journal={arXiv preprint arXiv:1907.10830},
  year={2019}
}

% GANimorph
@inproceedings{gokaslan2018improving,
  title={Improving shape deformation in unsupervised image-to-image translation},
  author={Gokaslan, Aaron and Ramanujan, Vivek and Ritchie, Daniel and Kim, Kwang In and Tompkin, James},
  booktitle={Proceedings of the European Conference on Computer Vision (ECCV)},
  pages={649--665},
  year={2018}
}

% GANHopper
@inproceedings{lira2020ganhopper,
  title={Ganhopper: Multi-hop gan for unsupervised image-to-image translation},
  author={Lira, Wallace and Merz, Johannes and Ritchie, Daniel and Cohen-Or, Daniel and Zhang, Hao},
  booktitle={European Conference on Computer Vision},
  pages={363--379},
  year={2020},
  organization={Springer}
}

% texture generation
@inproceedings{yang2019controllable,
  title={Controllable artistic text style transfer via shape-matching gan},
  author={Yang, Shuai and Wang, Zhangyang and Wang, Zhaowen and Xu, Ning and Liu, Jiaying and Guo, Zongming},
  booktitle={Proceedings of the IEEE/CVF International Conference on Computer Vision},
  pages={4442--4451},
  year={2019}
}

% L1
@inproceedings{shrivastava2017learning,
  title={Learning from simulated and unsupervised images through adversarial training},
  author={Shrivastava, Ashish and Pfister, Tomas and Tuzel, Oncel and Susskind, Joshua and Wang, Wenda and Webb, Russell},
  booktitle={Proceedings of the IEEE conference on computer vision and pattern recognition},
  pages={2107--2116},
  year={2017}
}

% RFR Inpainting
@inproceedings{li2020recurrent,
  title={Recurrent feature reasoning for image inpainting},
  author={Li, Jingyuan and Wang, Ning and Zhang, Lefei and Du, Bo and Tao, Dacheng},
  booktitle={Proceedings of the IEEE/CVF Conference on Computer Vision and Pattern Recognition},
  pages={7760--7768},
  year={2020}
}

% Perceptual loss
@inproceedings{johnson2016perceptual,
  title={Perceptual losses for real-time style transfer and super-resolution},
  author={Johnson, Justin and Alahi, Alexandre and Fei-Fei, Li},
  booktitle={European conference on computer vision},
  pages={694--711},
  year={2016},
  organization={Springer}
}

% Color loss
@inproceedings{wang2019underexposed,
  title={Underexposed photo enhancement using deep illumination estimation},
  author={Wang, Ruixing and Zhang, Qing and Fu, Chi-Wing and Shen, Xiaoyong and Zheng, Wei-Shi and Jia, Jiaya},
  booktitle={Proceedings of the IEEE/CVF Conference on Computer Vision and Pattern Recognition},
  pages={6849--6857},
  year={2019}
}

%Pix2pixHD
@inproceedings{wang2018high,
  title={High-resolution image synthesis and semantic manipulation with conditional gans},
  author={Wang, Ting-Chun and Liu, Ming-Yu and Zhu, Jun-Yan and Tao, Andrew and Kautz, Jan and Catanzaro, Bryan},
  booktitle={Proceedings of the IEEE conference on computer vision and pattern recognition},
  pages={8798--8807},
  year={2018}
}

% COCO
@inproceedings{lin2014microsoft,
  title={Microsoft coco: Common objects in context},
  author={Lin, Tsung-Yi and Maire, Michael and Belongie, Serge and Hays, James and Perona, Pietro and Ramanan, Deva and Doll{\'a}r, Piotr and Zitnick, C Lawrence},
  booktitle={European conference on computer vision},
  pages={740--755},
  year={2014},
  organization={Springer}
}

% IS
@article{salimans2016improved,
  title={Improved techniques for training gans},
  author={Salimans, Tim and Goodfellow, Ian and Zaremba, Wojciech and Cheung, Vicki and Radford, Alec and Chen, Xi},
  journal={arXiv preprint arXiv:1606.03498},
  year={2016}
}

%FID
@inproceedings{heusel2017gans,
  title={GANs trained by a two time-scale update rule converge to a local nash equilibrium},
  author={Heusel, Martin and Ramsauer, Hubert and Unterthiner, Thomas and Nessler, Bernhard and Hochreiter, Sepp},
  booktitle={Proceedings of the 31st International Conference on Neural Information Processing Systems},
  pages={6629--6640},
  year={2017}
}

%LPIPS
@inproceedings{zhang2018perceptual,
  title={The Unreasonable Effectiveness of Deep Features as a Perceptual Metric},
  author={Zhang, Richard and Isola, Phillip and Efros, Alexei A and Shechtman, Eli and Wang, Oliver},
  booktitle={CVPR},
  year={2018}
}

% Clear underwater vision
@inproceedings{schechner2004clear,
  title={Clear underwater vision},
  author={Schechner, Yoav Y and Karpel, Nir},
  booktitle={Proceedings of the 2004 IEEE Computer Society Conference on Computer Vision and Pattern Recognition, 2004. CVPR 2004.},
  volume={1},
  pages={I--I},
  year={2004},
  organization={IEEE}
}

% wavelength
@article{han2018review,
  title={A review on intelligence dehazing and color restoration for underwater images},
  author={Han, Min and Lyu, Zhiyu and Qiu, Tie and Xu, Meiling},
  journal={IEEE Transactions on Systems, Man, and Cybernetics: Systems},
  volume={50},
  number={5},
  pages={1820--1832},
  year={2018},
  publisher={IEEE}
}

% Jaffe
@article{jaffe1990computer,
  title={Computer modeling and the design of optimal underwater imaging systems},
  author={Jaffe, Jules S},
  journal={IEEE Journal of Oceanic Engineering},
  volume={15},
  number={2},
  pages={101--111},
  year={1990},
  publisher={IEEE}
}

@inproceedings{mcglamery1980computer,
  title={A computer model for underwater camera systems},
  author={McGlamery, BL},
  booktitle={Ocean Optics VI},
  volume={208},
  pages={221--231},
  year={1980},
  organization={International Society for Optics and Photonics}
}

% ResNet
@inproceedings{he2016deep,
  title={Deep residual learning for image recognition},
  author={He, Kaiming and Zhang, Xiangyu and Ren, Shaoqing and Sun, Jian},
  booktitle={Proceedings of the IEEE conference on computer vision and pattern recognition},
  pages={770--778},
  year={2016}
}

% DenseNet
@inproceedings{huang2017densely,
  title={Densely connected convolutional networks},
  author={Huang, Gao and Liu, Zhuang and Van Der Maaten, Laurens and Weinberger, Kilian Q},
  booktitle={Proceedings of the IEEE conference on computer vision and pattern recognition},
  pages={4700--4708},
  year={2017}
}

% SWRCAB
@inproceedings{hong2020distilling,
  title={Distilling Image Dehazing With Heterogeneous Task Imitation},
  author={Hong, Ming and Xie, Yuan and Li, Cuihua and Qu, Yanyun},
  booktitle={Proceedings of the IEEE/CVF Conference on Computer Vision and Pattern Recognition},
  pages={3462--3471},
  year={2020}
}

% Adam
@article{kingma2014adam,
  title={Adam: A method for stochastic optimization},
  author={Kingma, Diederik P and Ba, Jimmy},
  journal={arXiv preprint arXiv:1412.6980},
  year={2014}
}

% Old photo
@inproceedings{wan2020bringing,
  title={Bringing old photos back to life},
  author={Wan, Ziyu and Zhang, Bo and Chen, Dongdong and Zhang, Pan and Chen, Dong and Liao, Jing and Wen, Fang},
  booktitle={Proceedings of the IEEE/CVF Conference on Computer Vision and Pattern Recognition},
  pages={2747--2757},
  year={2020}
}

% Instance normalization
@article{ulyanov2016instance,
  title={Instance normalization: The missing ingredient for fast stylization},
  author={Ulyanov, Dmitry and Vedaldi, Andrea and Lempitsky, Victor},
  journal={arXiv preprint arXiv:1607.08022},
  year={2016}
}

% UGAN
@inproceedings{fabbri2018enhancing,
  title={Enhancing underwater imagery using generative adversarial networks},
  author={Fabbri, Cameron and Islam, Md Jahidul and Sattar, Junaed},
  booktitle={2018 IEEE International Conference on Robotics and Automation (ICRA)},
  pages={7159--7165},
  year={2018},
  organization={IEEE}
}

% EUVP
@article{islam2019fast,
   title={Fast Underwater Image Enhancement for Improved Visual Perception},
   author={Islam, Md Jahidul and Xia, Youya and Sattar, Junaed},
   journal={IEEE Robotics and Automation Letters (RA-L)},
   volume={5},
   number={2},
   pages={3227--3234},
   year={2020},
   publisher={IEEE}
}

% UIEB
@article{li2019underwater,
  title={An underwater image enhancement benchmark dataset and beyond},
  author={Li, Chongyi and Guo, Chunle and Ren, Wenqi and Cong, Runmin and Hou, Junhui and Kwong, Sam and Tao, Dacheng},
  journal={IEEE Transactions on Image Processing},
  volume={29},
  pages={4376--4389},
  year={2019},
  publisher={IEEE}
}

% SUN
@article{xiao2016sun,
  title={Sun database: Exploring a large collection of scene categories},
  author={Xiao, Jianxiong and Ehinger, Krista A and Hays, James and Torralba, Antonio and Oliva, Aude},
  journal={International Journal of Computer Vision},
  volume={119},
  number={1},
  pages={3--22},
  year={2016},
  publisher={Springer}
}

% RUIE
@article{liu2019real,
  title={Real-world underwater enhancement: challenges, benchmarks, and solutions},
  author={Liu, Risheng and Fan, Xin and Zhu, Ming and Hou, Minjun and Luo, Zhongxuan},
  journal={arXiv preprint arXiv:1901.05320},
  year={2019}
}

% UWCNN
@article{li2020underwater,
  title={Underwater scene prior inspired deep underwater image and video enhancement},
  author={Li, Chongyi and Anwar, Saeed and Porikli, Fatih},
  journal={Pattern Recognition},
  volume={98},
  pages={107038},
  year={2020},
  publisher={Elsevier}
}

% NYU-v2
@inproceedings{silberman2012indoor,
  title={Indoor segmentation and support inference from rgbd images},
  author={Silberman, Nathan and Hoiem, Derek and Kohli, Pushmeet and Fergus, Rob},
  booktitle={European conference on computer vision},
  pages={746--760},
  year={2012},
  organization={Springer}
}

% UIE-DAL
@inproceedings{uplavikar2019all,
  title={All-in-One Underwater Image Enhancement Using Domain-Adversarial Learning.},
  author={Uplavikar, Pritish M and Wu, Zhenyu and Wang, Zhangyang},
  booktitle={CVPR Workshops},
  pages={1--8},
  year={2019}
}

% Deep SESR
@article{islam2020simultaneous,
  title={Simultaneous enhancement and super-resolution of underwater imagery for improved visual perception},
  author={Islam, Md Jahidul and Luo, Peigen and Sattar, Junaed},
  journal={arXiv preprint arXiv:2002.01155},
  year={2020}
}

% fusion-based
@inproceedings{ancuti2012enhancing,
  title={Enhancing underwater images and videos by fusion},
  author={Ancuti, Cosmin and Ancuti, Codruta Orniana and Haber, Tom and Bekaert, Philippe},
  booktitle={2012 IEEE Conference on Computer Vision and Pattern Recognition},
  pages={81--88},
  year={2012},
  organization={IEEE}
}

% SSIM 
@article{wang2004image,
  title={Image quality assessment: from error visibility to structural similarity},
  author={Wang, Zhou and Bovik, Alan C and Sheikh, Hamid R and Simoncelli, Eero P},
  journal={IEEE transactions on image processing},
  volume={13},
  number={4},
  pages={600--612},
  year={2004},
  publisher={IEEE}
}

% UCIQE
@article{yang2015underwater,
  title={An underwater color image quality evaluation metric},
  author={Yang, Miao and Sowmya, Arcot},
  journal={IEEE Transactions on Image Processing},
  volume={24},
  number={12},
  pages={6062--6071},
  year={2015},
  publisher={IEEE}
}

$ UIQM
@article{panetta2015human,
  title={Human-visual-system-inspired underwater image quality measures},
  author={Panetta, Karen and Gao, Chen and Agaian, Sos},
  journal={IEEE Journal of Oceanic Engineering},
  volume={41},
  number={3},
  pages={541--551},
  year={2015},
  publisher={IEEE}
}
